% Examples from https://verbosus.com/bibtex-style-examples.html

@book{sutton1998introduction,
	title={Introduction to reinforcement learning},
	author={Sutton, Richard S and Barto, Andrew G and others},
	volume={135},
	year={1998},
	publisher={MIT press Cambridge}
}

@book{sutton2018reinforcement,
	title={Reinforcement learning: An introduction},
	author={Sutton, Richard S and Barto, Andrew G},
	year={2018},
	publisher={MIT press}
}

@article{littman1996reinforcement,
	title={Reinforcement learning: A survey},
	author={Littman, Michael L and Moore, Andrew W and others},
	journal={Journal of artificial intelligence research},
	volume={4},
	number={1},
	pages={237--285},
	year={1996}
}

@book{van2012reinforcement,
	title={Reinforcement learning: State-of-the-Art},
	author={van Otterlo, Martijn},
	year={2012},
	publisher={Springer Berlin Heidelberg}
}

@article{lewis2012reinforcement,
	title={Reinforcement learning and feedback control: Using natural decision methods to design optimal adaptive controllers},
	author={Lewis, Frank L and Vrabie, Draguna and Vamvoudakis, Kyriakos G},
	journal={IEEE Control Systems Magazine},
	volume={32},
	number={6},
	pages={76--105},
	year={2012},
	publisher={IEEE}
}

@book{bertsekas1996neuro,
	title={Neuro-dynamic programming},
	author={Bertsekas, Dimitri P and Tsitsiklis, John N},
	year={1996},
	publisher={Athena Scientific}
}

@book{powell2007approximate,
	title={Approximate Dynamic Programming: Solving the curses of dimensionality},
	author={Powell, Warren B},
	volume={703},
	year={2007},
	publisher={John Wiley \& Sons}
}
@article{deisenroth2013survey,
	title={A survey on policy search for robotics},
	author={Deisenroth, Marc Peter and Neumann, Gerhard and Peters, Jan and others},
	journal={Foundations and trends in Robotics},
	volume={2},
	number={1-2},
	pages={388--403},
	year={2013},
	publisher={now publishers}
}






@Book{Pup09,
	author =		 {Василий Пупкин and Эйнштейн, А.},
	title = 		 {\LaTeX для <<чайников>>},
	publisher = 	 {М.},
	year = 		 {2009},
	language =     "russian"
}

@Book{bellman1957dp,
	author =       "Bellman, Richard",
	title =        "Dynamic Programming",
	publisher =    "Princeton University Press",
	year =         "1957",
	address =   "Princeton, NJ, USA",
	edition =   "1"
}


%%1 chapter


@article{kober2013reinforcement,
	title={Reinforcement learning in robotics: A survey},
	author={Kober, Jens and Bagnell, J Andrew and Peters, Jan},
	journal={The International Journal of Robotics Research},
	volume={32},
	number={11},
	pages={1238--1274},
	year={2013},
	publisher={SAGE Publications Sage UK: London, England}
}


@article{yu2019reinforcement,
	title={Reinforcement learning in healthcare: A survey},
	author={Yu, Chao and Liu, Jiming and Nemati, Shamim},
	journal={arXiv preprint arXiv:1908.08796},
	year={2019}
}



@inproceedings{ml3,
	author    = {Sarah Bechtle and Artem Molchanov and Yevgen Chebotar and Edward Grefenstette and Ludovic Righetti and Gaurav Sukhatme and Franziska Meier},
	title     = {Meta Learning via Learned Loss},
	booktitle = {International Conference on Pattern Recognition, {ICPR}, Italy, January 10-15, 2021},
	year      = {2021} }

@article{talpaert2019exploring,
	title={Exploring applications of deep reinforcement learning for real-world autonomous driving systems},
	author={Talpaert, Victor and Sobh, Ibrahim and Kiran, B Ravi and Mannion, Patrick and Yogamani, Senthil and El-Sallab, Ahmad and Perez, Patrick},
	journal={arXiv preprint arXiv:1901.01536},
	year={2019}
}

@article{waschneck2018optimization,
	title={Optimization of global production scheduling with deep reinforcement learning},
	author={Waschneck, Bernd and Reichstaller, Andr{\'e} and Belzner, Lenz and Altenm{\"u}ller, Thomas and Bauernhansl, Thomas and Knapp, Alexander and Kyek, Andreas},
	journal={Procedia Cirp},
	volume={72},
	pages={1264--1269},
	year={2018},
	publisher={Elsevier}
}

@article{li2016deep,
	title={Deep reinforcement learning for dialogue generation},
	author={Li, Jiwei and Monroe, Will and Ritter, Alan and Galley, Michel and Gao, Jianfeng and Jurafsky, Dan},
	journal={arXiv preprint arXiv:1606.01541},
	year={2016}
}

@article{paulus2017deep,
	title={A deep reinforced model for abstractive summarization},
	author={Paulus, Romain and Xiong, Caiming and Socher, Richard},
	journal={arXiv preprint arXiv:1705.04304},
	year={2017}
}



@article{bellman1957markovian,
	title={A Markovian decision process},
	author={Bellman, Richard},
	journal={Journal of mathematics and mechanics},
	volume={6},
	number={5},
	pages={679--684},
	year={1957},
	publisher={JSTOR}
}

@article{bellman1959functional,
	title={Functional approximations and dynamic programming},
	author={Bellman, Richard and Dreyfus, Stuart},
	journal={Mathematical Tables and Other Aids to Computation},
	pages={247--251},
	year={1959},
	publisher={JSTOR}
}


@ARTICLE{werbos1987,
	author={P. J. {Werbos}},
	journal={IEEE Transactions on Systems, Man, and Cybernetics}, 
	title={Building and Understanding Adaptive Systems: A Statistical/Numerical Approach to Factory Automation and Brain Research}, 
	year={1987},
	volume={17},
	number={1},
	pages={7-20},
	doi={10.1109/TSMC.1987.289329}}

@ARTICLE{werbos1992approximate,
	title={Approximate dynamic programming for realtime control and neural modelling},
	author={Werbos, Paul},
	journal={Handbook of intelligent control: neural, fuzzy and adaptive approaches},
	pages={493--525},
	year={1992},
	publisher={Van Nostrand}
}
@article{watkins1989learning,
	title={Learning from delayed rewards},
	author={Watkins, Christopher John Cornish Hellaby},
	year={1989},
	publisher={King's College, Cambridge United Kingdom}
}



@Book{Pup1,
	author =		 {Howard, R. A.},
	title = 		 {Dynamic drogramming and Markov processes},
	publisher = 	 {Tech. Press of MIT and John Wiley \& Sons Inc.},
	year = 		 {1960},
	language =     "english"
}

@book{howard:dp,
	address = {Cambridge, MA},
	author = {Howard, R. A.},
	biburl = {https://www.bibsonomy.org/bibtex/28b55f737ee6dd7800ffc7952a33bb6bd/idsia},
	citeulike-article-id = {2380352},
	interhash = {7eed9f4f6bd1f9ee063d80d0f732e48f},
	intrahash = {8b55f737ee6dd7800ffc7952a33bb6bd},
	keywords = {inaki},
	priority = {2},
	publisher = {MIT Press},
	timestamp = {2008-03-11T14:56:12.000+0100},
	title = {Dynamic Programming and Markov Processes},
	year = 1960
}



@article{RL_FC,
	author =		 {Lewis F. L., Vrabie D.},
	title = 		 {Reinforcement learning and adaptive dynamic programming for feedback control},
	journal = 	 {IEEE Circuits and Systems Magazine},
	number =  {9},
	pages =   {32–50},
	year = 		 {2009},
	language =     "english"
}

@article{eco_1,
	title={Экономический эффект от цифровизации отраслей реального сектора экономики в России. Требования к сетям связи нового поколения},
	author={J'son \& Partners Consulting},
	pages={247},
	year={январь 2021}
}


@article{kirschner1997optimal,
	title={Optimal control of the chemotherapy of HIV},
	author={Kirschner, Denise and Lenhart, Suzanne and Serbin, Steve},
	journal={Journal of mathematical biology},
	volume={35},
	number={7},
	pages={775--792},
	year={1997},
	publisher={Springer}
}

@article{ogunlaran2016mathematical,
	title={Mathematical model for an effective management of HIV infection},
	author={Ogunlaran, Oladotun Matthew and Oukouomi Noutchie, Suares Clovis},
	journal={BioMed Research International},
	volume={2016},
	year={2016},
	publisher={Hindawi}
}


@article{kuznetsov1994nonlinear,
	title={Nonlinear dynamics of immunogenic tumors: parameter estimation and global bifurcation analysis},
	author={Kuznetsov, Vladimir A and Makalkin, Iliya A and Taylor, Mark A and Perelson, Alan S},
	journal={Bulletin of mathematical biology},
	volume={56},
	number={2},
	pages={295--321},
	year={1994},
	publisher={Elsevier}
}
@article{dulac2019challenges,
	title={Challenges of real-world reinforcement learning},
	author={Dulac-Arnold, Gabriel and Mankowitz, Daniel and Hester, Todd},
	journal={arXiv preprint arXiv:1904.12901},
	year={2019}
}

@misc{chow2018lyapunovbased,
	title={A Lyapunov-based Approach to Safe Reinforcement Learning}, 
	author={Yinlam Chow and Ofir Nachum and Edgar Duenez-Guzman and Mohammad Ghavamzadeh},
	year={2018},
	eprint={1805.07708},
	archivePrefix={arXiv},
	primaryClass={cs.LG}
}
@article{DBLP:journals/corr/LeeS17a,
	author    = {Jae Young Lee and
	Richard S. Sutton},
	title     = {Integral Policy Iterations for Reinforcement Learning Problems in
	Continuous Time and Space},
	journal   = {CoRR},
	volume    = {abs/1705.03520},
	year      = {2017},
	url       = {http://arxiv.org/abs/1705.03520},
	archivePrefix = {arXiv},
	eprint    = {1705.03520},
	timestamp = {Mon, 13 Aug 2018 16:48:17 +0200},
	biburl    = {https://dblp.org/rec/journals/corr/LeeS17a.bib},
	bibsource = {dblp computer science bibliography, https://dblp.org}
}

@article{bajpai1980mechanistic,
	title={A mechanistic model for penicillin production},
	author={Bajpai, RK and Reuss, M},
	journal={Journal of Chemical Technology and Biotechnology},
	volume={30},
	number={1},
	pages={332--344},
	year={1980},
	publisher={Wiley Online Library}
}


@ARTICLE{patnaik2001penicillin,
	title={Penicillin fermentation: mechanisms and models for industrial-scale bioreactors},
	author={Patnaik, Pratap R},
	journal={Critical reviews in microbiology},
	volume={27},
	number={1},
	pages={25--39},
	year={2001},
	publisher={Taylor \& Francis}
}


@ARTICLE{myTest,
	title        = {The title of the work},
	author       = {Peter Gainsford}, 
	organization = {The organization},
	address      = {The address of the publisher},
	edition      = {3},
	month        = {7},
	year         = {1993},
	pagetotal = {255},
	hyphenation     = {english}
}


@book{landau2011adaptive,
	title={Adaptive control: algorithms, analysis and applications},
	author={Landau, Ioan Dor{\'e} and Lozano, Rogelio and M'Saad, Mohammed and Karimi, Alireza},
	year={2011},
	publisher={Springer Science \& Business Media}
}